@article{mxochicale2018,
    author  = "Miguel P Xochicale",
    title   = "EMotion and MOvement Variabilily: a PILOT STUDY (emmov-pilotstudy)",
    year    = "2018",
    journal = "",
    volume  = "",
    number  = "",
    pages   = "",
    note    = {\href{https://github.com/mxochicale/emmov-pilotstudy}{https://github.com/mxochicale/emmov-pilotstudy}}
}




@inproceedings{baltrusaitis2016,
  author	=	{Tadas Baltru\v{s}aitis and Peter Robinson and Louis-Philippe Morency},
  title		=	{OpenFace: an open source facial behavior analysis toolkit},
  booktitle	=	{IEEE Winter Conference on Applications of Computer Vision},
  year		=	2016,
note= {\href{https://github.com/TadasBaltrusaitis/OpenFace/wiki/Output-Format}{https://github.com/TadasBaltrusaitis/OpenFace/wiki/Output-Format} }
}


note= {\href{https://github.com/TadasBaltrusaitis/OpenFace/}{https://github.com/TadasBaltrusaitis/OpenFace/} },
